
@book{ART,
  title       = {The \ART workbook},
  author      = {Robert Kutschke and Marc Paterno and Mike Wang},
  editor      = {Anne Heavey},
  institution = {Fermilab},
  publisher   = {Fermilab},
  year        = {2015},
  note        = {URL: \url{https://web.fnal.gov/project/ArtDoc/Pages/workbook.aspx}},
} # ART


@article{FHiCL,
  title  = {FHiCL configuration language},
  author = {The \textsl{art} team},
} # FHiCL


@article{cetbuildtools,
  title  = {\cetbuildtools},
} # FHiCL


@article{MessageFacility,
  title  = {Message facility},
} # MessageFacility


@article{nutools,
  title  = {\nutools},
  note   = {URL: \url{https://cdcvs.fnal.gov/redmine/projects/nutools}}
} # nutools


@article{CRY,
  author       = {Chris Hagmann and David Lange and Jerome Verbeke and Doug Wright},
  title        = {Cosmic-ray Shower Library ({CRY})},
  year         = {2012},
  note         = {Tech. rep. UCRL-TM-229453 LLNL},
  reportNumber = {Tech. rep. UCRL-TM-229453 LLNL},
} # CRY


@article{GENIE,
   author         = "Andreopoulos, C. and others",
   title          = "{The GENIE Neutrino Monte Carlo Generator}",
   journal        = "Nucl. Instrum. Meth.",
   volume         = "A614",
   year           = "2010",
   pages          = "87-104",
   doi            = "10.1016/j.nima.2009.12.009",
   eprint         = "0905.2517",
   archivePrefix  = "arXiv",
   primaryClass   = "hep-ph",
   reportNumber   = "FERMILAB-PUB-09-418-CD",
   SLACcitation   = "%%CITATION = ARXIV:0905.2517;%%"
} # GENIE


@article{GEANT,
   title = "Geant4—a simulation toolkit ",
   journal = "Nuclear Instruments and Methods in Physics Research Section A: Accelerators, Spectrometers, Detectors and Associated Equipment ",
   volume = "506",
   number = "3",
   pages = "250 - 303",
   year = "2003",
   note = "",
   issn = "0168-9002",
   doi = "http://dx.doi.org/10.1016/S0168-9002(03)01368-8",
   url = "http://www.sciencedirect.com/science/article/pii/S0168900203013688",
   author = "S. Agostinelli and J. Allison and K. Amako and J. Apostolakis and H. Araujo and P. Arce and M. Asai and D. Axen and S. Banerjee and G. Barrand and F. Behner and L. Bellagamba and J. Boudreau and L. Broglia and A. Brunengo and H. Burkhardt and S. Chauvie and J. Chuma and R. Chytracek and G. Cooperman and G. Cosmo and P. Degtyarenko and A. Dell'Acqua and G. Depaola and D. Dietrich and R. Enami and A. Feliciello and C. Ferguson and H. Fesefeldt and G. Folger and F. Foppiano and A. Forti and S. Garelli and S. Giani and R. Giannitrapani and D. Gibin and J.J. Gómez Cadenas and I. González and G. Gracia Abril and G. Greeniaus and W. Greiner and V. Grichine and A. Grossheim and S. Guatelli and P. Gumplinger and R. Hamatsu and K. Hashimoto and H. Hasui and A. Heikkinen and A. Howard and V. Ivanchenko and A. Johnson and F.W. Jones and J. Kallenbach and N. Kanaya and M. Kawabata and Y. Kawabata and M. Kawaguti and S. Kelner and P. Kent and A. Kimura and T. Kodama and R. Kokoulin and M. Kossov and H. Kurashige and E. Lamanna and T. Lampén and V. Lara and V. Lefebure and F. Lei and M. Liendl and W. Lockman and F. Longo and S. Magni and M. Maire and E. Medernach and K. Minamimoto and P. Mora de Freitas and Y. Morita and K. Murakami and M. Nagamatu and R. Nartallo and P. Nieminen and T. Nishimura and K. Ohtsubo and M. Okamura and S. O'Neale and Y. Oohata and K. Paech and J. Perl and A. Pfeiffer and M.G. Pia and F. Ranjard and A. Rybin and S. Sadilov and E. Di Salvo and G. Santin and T. Sasaki and N. Savvas and Y. Sawada and S. Scherer and S. Sei and V. Sirotenko and D. Smith and N. Starkov and H. Stoecker and J. Sulkimo and M. Takahata and S. Tanaka and E. Tcherniaev and E. Safai Tehrani and M. Tropeano and P. Truscott and H. Uno and L. Urban and P. Urban and M. Verderi and A. Walkden and W. Wander and H. Weber and J.P. Wellisch and T. Wenaus and D.C. Williams and D. Wright and T. Yamada and H. Yoshida and D. Zschiesche",
   keywords = "Simulation",
   keywords = "Particle interactions",
   keywords = "Geometrical modelling",
   keywords = "Software engineering",
   keywords = "Object-oriented technology",
   keywords = "Distributed software development "
} # GEANT


@article{libwda,
  title  = {libwda},
  author = {},
  note   = {},
} # libwda


@proceedings{HEPEVT,
   editor         = "Altarelli, G. and Kleiss, R. and Verzegnassi, C.",
   title          = "{Z Physics at {LEP-1} vol. 3: event generators and software}",
   url            = "http://inspirehep.net/record/288141/files/CERN-89-08-V-3.pdf",
   journal        = "Geneva, Switzerland: CERN (1989) 340 p. CERN Geneva - CERN 89-08 (89,rec.Dec.) 340 p",
   year           = "1989",
   pages          = "327 - 330",
   note           = "p. 327--330",
   reportNumber   = "CERN-89-08, CERN-89-08-V-3",
} # HEPEVT


@article{pandora,
	author = {Marshall, J. S. and Thomson, M. A.},
	title = {The Pandora software development kit for pattern recognition},
	DOI= "10.1140/epjc/s10052-015-3659-3",
	url= "http://dx.doi.org/10.1140/epjc/s10052-015-3659-3",
	journal = {Eur. Phys. J. C},
	year = 2015,
	volume = 75,
	number = 9,
	pages = "439",
	month = "",
} # pandora

@article{UPS,
  title  = {UPS},
  author = {},
  note   = {},
} # UPS

@article{MRB,
  title  = {Multi-Repository Build},
  author = {},
  note   = {},
} # MRB

@article{ROOT,
  title  = {{ROOT} Data Analysis Framework},
  note   = {URL: \url{https://root.cern.ch}},
  url    = {https://root.cern.ch},
} # ROOT

@article{CLHEP,
  title  = {{CLHEP}, A Class Library for High Energy Physics},
  note   = {URL: \url{http://cern.ch/clhep}},
  url    = {http://cern.ch/clhep},
} # CLHEP
